@article{CDT,
	title={Constrained delaunay triangulations},
	author={Chew, L Paul},
	journal={Algorithmica},
	volume={4},
	number={1-4},
	pages={97--108},
	year={1989},
	publisher={Springer}
}

@article{CDT_fast,
	title={A fast algorithm for generating constrained Delaunay triangulations},
	author={Sloan, SW},
	journal={Computers \& Structures},
	volume={47},
	number={3},
	pages={441--450},
	year={1993},
	publisher={Elsevier}
}

@article{tri_tri_intersection_moller,
	title={A fast triangle-triangle intersection test},
	author={M{\"o}ller, Tomas},
	journal={Journal of graphics tools},
	volume={2},
	number={2},
	pages={25--30},
	year={1997},
	publisher={Taylor \& Francis}
}

@article{tri_tri_intersection_2,
	title={A fast triangle to triangle intersection test for collision detection},
	author={Tropp, Oren and Tal, Ayellet and Shimshoni, Ilan},
	journal={Computer Animation and Virtual Worlds},
	volume={17},
	number={5},
	pages={527--535},
	year={2006},
	publisher={Wiley Online Library}
}

@article{tridexel,
	title={Feature conservation and conversion of Tri-dexel volumetric models to polyhedral surface models for product prototyping},
	author={Ren, Yongfu and Zhu, Weihang and Lee, Yuan-Shin},
	journal={Computer-Aided Design and Applications},
	volume={5},
	number={6},
	pages={932--941},
	year={2008},
	publisher={Taylor \& Francis}
}

@inproceedings{mesh_intersection,
	title={Seamless Intersection Between Triangle Meshes},
	author={Rosen, David},
	booktitle={Proceedings: Senior Conference on Computational Geometry},
	pages={1--8},
	year={2008}
}

@article{BPA,
	title={The ball-pivoting algorithm for surface reconstruction},
	author={Bernardini, Fausto and Mittleman, Joshua and Rushmeier, Holly and Silva, Cl{\'a}udio and Taubin, Gabriel},
	journal={Visualization and Computer Graphics, IEEE Transactions on},
	volume={5},
	number={4},
	pages={349--359},
	year={1999},
	publisher={IEEE}
}

@article{cutter_workpiece_engagement,
	title={Triangle-mesh based cutter-workpiece engagement extraction for general milling processes},
	author={Gong, Xun},
	year={2013},
	publisher={University of British Columbia}
}

@inproceedings{extended_marching_cubes,
	title={Feature sensitive surface extraction from volume data},
	author={Kobbelt, Leif P and Botsch, Mario and Schwanecke, Ulrich and Seidel, Hans-Peter},
	booktitle={Proceedings of the 28th annual conference on Computer graphics and interactive techniques},
	pages={57--66},
	year={2001},
	organization={ACM}
}

@incollection{enlight,
	title={New Scalable SIMD-Based Ray Caster Implementation for Virtual Machining},
	author={Leutgeb, Alexander and Welsch, Torsten and Hava, Michael},
	booktitle={Parallel Processing and Applied Mathematics},
	pages={317--326},
	year={2014},
	publisher={Springer}
}
